
@book{moore_crossing_1991,
	title = {Crossing the {Chasm}},
	publisher = {HarperBusiness},
	author = {Moore, Geoffrey A.},
	year = {1991}
}

@misc{reed_thats_2014,
	title = {That's {Billion} with a {B}: {Scaling} to the next level at {WhatsApp}},
	url = {http://www.erlang-factory.com/static/upload/media/1394350183453526efsf2014whatsappscaling.pdf},
	urldate = {2019-08-08},
	author = {Reed, Rick},
	year = {2014}
}

@inproceedings{wadler_functional_1997,
	title = {Functional programming: {An} angry half-dozen},
	doi = {10.1007/3-540-64823-2_2},
	booktitle = {International {Workshop} on {Database} {Programming} {Languages}},
	publisher = {Springer},
	author = {Wadler, Philip},
	year = {1997},
	pages = {25--34}
}

@inproceedings{reboucas_empirical_2016,
	title = {An empirical study on the usage of the swift programming language},
	volume = {1},
	doi = {10.1109/SANER.2016.66},
	booktitle = {2016 {IEEE} 23rd international conference on software analysis, evolution, and reengineering ({SANER})},
	publisher = {IEEE},
	author = {Rebouças, Marcel and Pinto, Gustavo and Ebert, Felipe and Torres, Weslley and Serebrenik, Alexander and Castor, Fernando},
	year = {2016},
	pages = {634--638}
}

@inproceedings{meijer_linq:_2006,
	title = {{LINQ}: reconciling object, relations and {XML} in the .{NET} framework},
	doi = {10.1145/1142473.1142552},
	booktitle = {Proceedings of the 2006 {ACM} {SIGMOD} international conference on {Management} of data},
	publisher = {ACM},
	author = {Meijer, Erik and Beckman, Brian and Bierman, Gavin},
	year = {2006},
	pages = {706--706}
}

@misc{hejlsberg_introducing_2010,
	title = {Introducing {Async} – {Simplifying} {Asynchronous} {Programming}},
	url = {https://channel9.msdn.com/Blogs/Charles/Anders-Hejlsberg-Introducing-Async},
	urldate = {2019-08-08},
	publisher = {Microsoft},
	author = {Hejlsberg, Anders},
	month = oct,
	year = {2010}
}

@misc{sink_why_2015,
	title = {Why your {F}\# evangelism isn't working},
	url = {https://ericsink.com/entries/fsharp_chasm.html},
	urldate = {2019-08-08},
	author = {Sink, Erik},
	month = jan,
	year = {2015}
}

@article{wadler_why_1998,
	title = {Why no one uses functional languages},
	volume = {33},
	doi = {10.1145/286385.286387},
	number = {8},
	journal = {Sigplan notices},
	author = {Wadler, Philip},
	year = {1998},
	pages = {23--27}
}

@article{wampler_guest_2010,
	title = {Guest editors' introduction: multiparadigm programming},
	volume = {27},
	doi = {10.1109/MS.2010.119},
	number = {5},
	journal = {IEEE Software},
	author = {Wampler, Dean and Clark, Tony},
	year = {2010},
	pages = {20--24}
}

@misc{lightbend_akka:_2019,
	title = {Akka: build concurrent, distributed, and resilient message-driven applications for {Java} and {Scala} {\textbar} {Akka}},
	url = {https://akka.io/},
	urldate = {2019-08-08},
	author = {Lightbend, Inc.},
	year = {2019}
}

@misc{stack_overflow_annual_2019,
	title = {Annual {Developer} {Survey}},
	url = {https://insights.stackoverflow.com/survey/2019},
	urldate = {2019-08-08},
	author = {{Stack Overflow}},
	year = {2019}
}

@article{hinsen_promises_2009,
	title = {The promises of functional programming},
	volume = {11},
	doi = {10.1109/MCSE.2009.129},
	number = {4},
	journal = {Computing in Science \& Engineering},
	author = {Hinsen, Konrad},
	year = {2009},
	pages = {86}
}

@article{petricek_teaching_2012,
	title = {Teaching {Functional} {Programming} to {Professional} .{NET} {Developers}},
	url = {https://pdfs.semanticscholar.org/e3ae/0867e724b9af2227f13ac519d4f369d96103.pdf},
	urldate = {2019-08-08},
	author = {Petricek, Tomas},
	year = {2012}
}

@misc{hutton_frequently_2002,
	title = {Frequently {Asked} {Questions} for comp.lang.functional},
	url = {http://www.cs.nott.ac.uk/~pszgmh/faq.html},
	urldate = {2019-08-08},
	author = {Hutton, Graham},
	year = {2002}
}

@book{alexander_functional_2017,
	title = {Functional {Programming}, {Simplified} - ({Scala} {Edition})},
	publisher = {CreateSpace Independent Publishing Platform},
	author = {Alexander, Alvin},
	year = {2017}
}

@book{abraham_get_2018,
	address = {Birmingham},
	title = {Get {Programming} with {F}\#},
	publisher = {Manning Publications},
	author = {Abraham, Isaac},
	year = {2018}
}

@book{petzold_creating_2016,
	title = {Creating {Mobile} {Apps} with {Xamarin}.{Forms}},
	publisher = {Microsoft Press},
	author = {Petzold, Charles},
	year = {2016}
}

@article{bishop_checking_1996,
	title = {Checking for race conditions in file accesses},
	volume = {2},
	url = {http://static.usenix.org/publications/compsystems/1996/spr_bishop.pdf},
	number = {2},
	urldate = {2019-08-08},
	journal = {Computing systems},
	author = {Bishop, Matt and Dilger, Michael and {others}},
	year = {1996},
	pages = {131--152}
}

@misc{gauld_learning_nodate,
	title = {Learning to {Program}},
	url = {http://alan-g.me.uk/tutor/tutfctnl.htm},
	urldate = {2019-08-08},
	author = {Gauld, Alan}
}

@misc{microsoft_introduction_2018,
	title = {Introduction to {Functional} {Programming} in {F}\#},
	url = {https://docs.microsoft.com/en-us/dotnet/fsharp/introduction-to-functional-programming/},
	urldate = {2019-08-08},
	author = {{Microsoft}},
	month = oct,
	year = {2018}
}

@misc{microsoft_statements_2015,
	title = {Statements ({C}\# {Programming} {Guide})},
	url = {https://docs.microsoft.com/en-us/dotnet/csharp/programming-guide/statements-expressions-operators/statements},
	urldate = {2019-08-08},
	author = {{Microsoft}},
	month = jul,
	year = {2015}
}

@book{wlaschin_domain_2018,
	title = {Domain {Modeling} {Made} {Functional}: {Tackle} {Software} {Complexity} with {Domain}-{Driven} {Design} and {F}\#},
	publisher = {O'Reilly UK Ltd.},
	author = {Wlaschin, Scott},
	year = {2018}
}

@book{harrop_f_2008,
	title = {F\# for {Scientists}},
	publisher = {Wiley-Interscience},
	author = {Harrop, Jon},
	year = {2008}
}

@misc{cleron_android_2017,
	title = {Android {Announces} {Support} for {Kotlin}},
	url = {https://android-developers.googleblog.com/2017/05/android-announces-support-for-kotlin.html},
	urldate = {2019-08-08},
	author = {Cleron, Mike},
	month = may,
	year = {2017}
}

@misc{f_software_foundation_about_nodate,
	title = {About {F}\#},
	url = {https://fsharp.org/about/index.html},
	urldate = {2019-08-08},
	author = {{F\# Software Foundation}}
}

@inproceedings{syme_early_2018,
	title = {The {Early} {History} of {F}\#},
	url = {https://fsharp.org/history/hopl-draft-1.pdf},
	urldate = {2019-08-08},
	booktitle = {{HOPL} {IV}},
	author = {Syme, Don},
	year = {2018},
	note = {Advance online publication}
}

@misc{syme_don_2010,
	title = {Don {Syme}: {Geek} of the {Week}/{Interviewer}: {Richard} {Morris}},
	url = {https://www.red-gate.com/simple-talk/opinion/geek-of-the-week/don-syme-geek-of-the-week/},
	urldate = {2019-08-08},
	author = {Syme, Don},
	month = jan,
	year = {2010}
}

@misc{microsoft_f_2016,
	title = {F\# {Language} {Reference}},
	url = {https://docs.microsoft.com/en-us/dotnet/fsharp/language-reference/index},
	urldate = {2019-08-08},
	author = {{Microsoft}},
	month = may,
	year = {2016}
}

@misc{bandt_powerful_2017,
	title = {Powerful {Scripting} {With} {F}\#},
	url = {https://thomasbandt.com/powerful-scripting-with-fsharp},
	urldate = {2019-08-08},
	author = {Bandt, Thomas},
	month = may,
	year = {2017}
}

@misc{microsoft_pattern_2016,
	title = {Pattern {Matching}},
	url = {https://docs.microsoft.com/en-us/dotnet/fsharp/language-reference/pattern-matching},
	urldate = {2019-08-08},
	author = {{Microsoft}},
	month = may,
	year = {2016}
}

@misc{hoare_null_2009,
	address = {London},
	type = {Presentation},
	title = {Null references: {The} billion dollar mistake},
	author = {Hoare, Tony},
	year = {2009}
}

@misc{syme_archeological_2011,
	title = {Archeological {Semiotics}: {The} {Birth} of the {Pipeline} {Symbol}, 1994},
	url = {https://blogs.msdn.microsoft.com/dsyme/2011/05/17/archeological-semiotics-the-birth-of-the-pipeline-symbol-1994/},
	urldate = {2019-08-08},
	author = {Syme, Don},
	month = may,
	year = {2011}
}

@article{meijer_world_2011,
	title = {The world according to {LINQ}},
	volume = {9},
	doi = {10.1145/2001269.2001285},
	number = {8},
	journal = {Queue},
	author = {Meijer, Erik},
	year = {2011},
	pages = {60}
}

@inproceedings{bierman_lost_2007,
	title = {Lost in translation: formalizing proposed extensions to {C}\#},
	volume = {7},
	doi = {10.1145/1297027.1297063},
	booktitle = {{OOPSLA}},
	author = {Bierman, Gavin M and Meijer, Erik and Torgersen, Mads},
	year = {2007},
	pages = {479--498}
}

@inproceedings{biczo_runtime_2009,
	title = {Runtime access control in {C}\# 3.0 using extension methods},
	volume = {30},
	url = {http://ac.inf.elte.hu/Vol_030_2009/041.pdf},
	urldate = {2019-08-08},
	booktitle = {Annales {Universitatis} {Scientiarum} {Budapestinensis} de {Rolando} {Eötvös} {Nominatae}, {Sectio} {Computatorica}},
	author = {Biczó, Mihály and Pócza, Krisztián and Porkoláb, Zoltán},
	year = {2009},
	pages = {41--60}
}

@book{sturm_functional_2011,
	title = {Functional programming in {C}\#: {Classic} programming techniques for modern projects},
	publisher = {John Wiley \& Sons},
	author = {Sturm, Oliver},
	year = {2011}
}

@misc{brais_immutable_2017,
	title = {Immutable {Collections}},
	url = {https://msdn.microsoft.com/en-us/magazine/mt795189.aspx},
	urldate = {2019-08-08},
	author = {Brais, Hadi},
	month = mar,
	year = {2017}
}

@book{buonanno_functional_2018,
	title = {Functional {Programming} in {C}\#},
	publisher = {Manning, Shelter Island},
	author = {Buonanno, Enrico},
	year = {2018}
}

@inproceedings{kennedy_design_2001,
	title = {Design and implementation of generics for the .{NET} {Common} language runtime},
	volume = {36},
	doi = {10.1145/378795.378797},
	booktitle = {{ACM} {SigPlan} {Notices}},
	publisher = {ACM},
	author = {Kennedy, Andrew and Syme, Don},
	year = {2001},
	pages = {1--12}
}

@phdthesis{kuitunen_cross-platform_2019,
	type = {B.{S}. thesis},
	title = {Cross-{Platform} {Mobile} {Application} {Development} with {React} {Native}},
	url = {https://trepo.tuni.fi/bitstream/handle/123456789/27139/Kuitunen.pdf?sequence=4&isAllowed=y},
	urldate = {2019-08-08},
	author = {Kuitunen, Mika},
	year = {2019}
}

@article{fayzullaev_native-like_2018,
	title = {Native-like {Cross}-{Platform} {Mobile} {Development}: {Multi}-{OS} {Engine} \& {Kotlin} {Native} vs {Flutter}},
	url = {https://www.theseus.fi/bitstream/handle/10024/148975/thesis_Jakhongir_Fayzullaev.pdf},
	urldate = {2019-08-08},
	author = {Fayzullaev, Jakhongir and {others}},
	year = {2018}
}

@misc{de_icaza_announcing_2011,
	title = {Announcing {Xamarin}},
	url = {https://tirania.org/blog/archive/2011/May-16.html},
	urldate = {2019-08-08},
	author = {de Icaza, Miguel},
	month = may,
	year = {2011}
}

@misc{guthrie_microsoft_2016,
	title = {Microsoft to acquire {Xamarin} and empower more developers to build apps on any device},
	url = {https://blogs.microsoft.com/blog/2016/02/24/microsoft-to-acquire-xamarin-and-empower-more-developers-to-build-apps-on-any-device/},
	urldate = {2019-08-08},
	author = {Guthrie, Scott},
	month = feb,
	year = {2016}
}

@misc{mono_project_cross_2019,
	title = {Cross platform, open source .{NET} framework},
	url = {https://www.mono-project.com/},
	urldate = {2019-08-08},
	author = {{Mono Project}},
	year = {2019}
}

@book{gough_compiling_2001,
	address = {Upper Saddle River, NJ, USA},
	title = {Compiling for the .{Net} {Common} {Language} {Runtime}},
	publisher = {Prentice Hall PTR},
	author = {Gough, John John and Gough, K. John},
	year = {2001}
}

@inproceedings{willocx_quantitative_2015,
	title = {A {Quantitative} {Assessment} of {Performance} in {Mobile} {App} {Development} {Tools}},
	doi = {10.1109/MobServ.2015.68},
	booktitle = {2015 {IEEE} {International} {Conference} on {Mobile} {Services}},
	publisher = {IEEE},
	author = {Willocx, Michiel and Vossaert, Jan and Naessens, Vincent},
	year = {2015},
	pages = {454--461}
}

@article{krasner_description_1988,
	title = {A {Description} of the {Model}-{View}-{Controller} {UserInterface} {Paradigm} in the {Smalltalk}-80 {System}},
	volume = {1},
	url = {https://www.researchgate.net/profile/Stephen_Pope/publication/248825145_A_cookbook_for_using_the_model_-_view_controller_user_interface_paradigm_in_Smalltalk_-_80/links/5436c5f30cf2643ab9888926/A-cookbook-for-using-the-model-view-controller-user-interface-paradigm-in-Smalltalk-80.pdf},
	number = {3},
	urldate = {2019-08-08},
	journal = {Journal of object oriented programming},
	author = {Krasner, Glenn E and Pope, Stephen T and {others}},
	year = {1988},
	pages = {26--49}
}

@misc{microsoft_what_2017,
	title = {What is {Xamarin}?},
	url = {https://docs.microsoft.com/en-us/xamarin/cross-platform/get-started/introduction-to-mobile-development},
	urldate = {2019-08-08},
	author = {{Microsoft}},
	month = mar,
	year = {2017}
}

@misc{gossman_introduction_2005,
	title = {Introduction to {Model}/{View}/{ViewModel} pattern for building {WPF} apps},
	url = {https://blogs.msdn.microsoft.com/johngossman/2005/10/08/introduction-to-modelviewviewmodel-pattern-for-building-wpf-apps/},
	urldate = {2019-08-08},
	author = {Gossman, John},
	month = oct,
	year = {2005}
}

@book{warburton_object-oriented_2016,
	title = {Object-{Oriented} vs. {Functional} {Programming}},
	publisher = {O’Reilly Media},
	author = {Warburton, Richard},
	year = {2016}
}

@misc{microsoft_.net_2019,
	title = {.{NET} {Standard}},
	url = {https://docs.microsoft.com/en-us/dotnet/standard/net-standard},
	urldate = {2019-08-08},
	author = {{Microsoft}},
	month = feb,
	year = {2019}
}

@misc{altexsoft_performance_2017,
	title = {Performance {Comparison}: {Xamarin}.{Forms}, {Xamarin}.{iOS}, {Xamarin}.{Android} vs {Android} and {iOS} {Native} {Applications}},
	url = {https://www.altexsoft.com/blog/engineering/performance-comparison-xamarin-forms-xamarin-ios-xamarin-android-vs-android-and-ios-native-applications/},
	urldate = {2019-08-08},
	author = {{AltexSoft}},
	month = aug,
	year = {2017}
}

@misc{gilbert_architecting_2014,
	title = {Architecting {iOS} {Apps} with {VIPER}},
	url = {https://www.objc.io/issues/13-architecture/viper/},
	urldate = {2019-08-08},
	author = {Gilbert, Jeff and Stoll, Conrad},
	month = jun,
	year = {2014}
}

@misc{dorfmann_model-view-intent_2016,
	title = {Model-{View}-{Intent} on {Android}},
	url = {http://hannesdorfmann.com/android/model-view-intent},
	urldate = {2019-08-08},
	author = {Dorfmann, Hannes},
	year = {2016}
}

@misc{law_clean_2015,
	title = {Clean {Swift} {iOS} {Architecture} for {Fixing} {Massive} {View} {Controller}},
	url = {https://clean-swift.com/clean-swift-ios-architecture/},
	urldate = {2019-08-08},
	author = {Law, Raymond},
	year = {2015}
}

@misc{petzold_writing_2015,
	title = {Writing {Xamarin}.{Forms} {Apps} in {F}\#},
	url = {http://www.charlespetzold.com/blog/2015/10/Writing-Xamarin-Forms-Apps-in-FSharp.html},
	urldate = {2019-08-08},
	author = {Petzold, Charles},
	month = nov,
	year = {2015}
}

@misc{shackles_you_2017,
	title = {You, {Too}, {Can} {Build} {Xamarin} {Apps} with {F}\#},
	url = {https://visualstudiomagazine.com/articles/2017/01/01/build-xamarin-apps.aspx},
	urldate = {2019-08-08},
	author = {Shackles, Greg},
	year = {2017}
}

@misc{bandt_building_2018,
	title = {Building {An} {F}\# {Redux} {Store} {For} {C}\# {Xamarin} {Apps}},
	url = {https://thomasbandt.com/fsharp-redux-store-for-xamarin-apps},
	urldate = {2019-08-08},
	author = {Bandt, Thomas},
	year = {2018}
}

@book{petricek_real_2009,
	title = {Real {World} {Functional} {Programming}: {With} {Examples} in {F}\# and {C}\#},
	publisher = {Manning Publications Co.},
	author = {Petricek, Tomas and Skeet, Jon},
	year = {2009}
}

@book{nunez_mastering_2016,
	title = {Mastering {F}\#. {A} comprehensive and in-depth guide to writing functional programs using {F}\#},
	publisher = {Packt Publishing},
	author = {Núñez, Alfonso García-Caro and Fahad, Suhaib},
	year = {2016}
}

@article{czaplicki_elm:_2012,
	title = {Elm: {Concurrent} {FRP} for {Functional} {GUIs}},
	url = {https://www.seas.harvard.edu/sites/default/files/files/archived/Czaplicki.pdf},
	urldate = {2019-08-08},
	journal = {Senior thesis, Harvard University},
	author = {Czaplicki, Evan},
	year = {2012}
}

@misc{czaplicki_elm_2018,
	title = {The {Elm} {Architecture}},
	url = {https://guide.elm-lang.org/architecture/},
	urldate = {2019-08-08},
	author = {Czaplicki, Evan},
	year = {2018}
}

@misc{staltz_unidirectional_2015,
	title = {Unidirectional {User} {Interface} {Architectures}},
	url = {https://staltz.com/unidirectional-user-interface-architectures.html},
	urldate = {2019-08-08},
	author = {Staltz, André},
	year = {2015}
}

@misc{james_time_2014,
	title = {Time {Travel} made {Easy} – {Introducing} {Elm} {Reactor}},
	url = {https://elm-lang.org/blog/time-travel-made-easy},
	urldate = {2019-08-08},
	author = {James, Michael},
	year = {2014}
}

@book{loder_web_2018,
	title = {Web {Applications} with {Elm}: {Functional} {Programming} for the {Web}},
	publisher = {Apress},
	author = {Loder, Wolfgang},
	year = {2018}
}

@misc{tolmachev_cross-platform_2016,
	title = {Cross-platform {UIs} with {F}\# and {Fable}},
	url = {https://thoughtspam.wordpress.com/2016/09/05/cross-platform-uis-with-f-and-fable/},
	urldate = {2019-08-08},
	author = {Tolmachev, Eugene},
	year = {2016}
}

@misc{syme_making_2018,
	title = {Making {Mobile} {App} {Programming} {Simple} {With} {F}\#},
	url = {https://www.youtube.com/watch?v=bEO7bl79uAM},
	urldate = {2019-08-08},
	author = {Syme, Don and Bennett, Jim},
	year = {2018},
	note = {Published: Presentation given at Functional Londoners Meetup Group}
}

@misc{bennett_building_2018,
	title = {Building mobile apps in {F}\# using {Xamarin}.{Forms} and {Elmish}},
	url = {https://www.jimbobbennett.io/building-mobile-apps-in-f-using-xamarin-forms-and-elmish/},
	urldate = {2019-08-08},
	author = {Bennett, Jim},
	year = {2018}
}

@article{mihailov_fragile_1998,
	title = {The {Fragile} {Base} {Class} {Problem} and {Its} {Impact} on {Component} {Systems}},
	doi = {10.1007/3-540-69687-3_72},
	author = {Mihailov, Leonid and Sekerinski, Emil},
	year = {1998},
	pages = {353--358}
}

@misc{seemann_functional_2016,
	title = {Functional architecture is {Ports} and {Adapters}},
	url = {https://blog.ploeh.dk/2016/03/18/functional-architecture-is-ports-and-adapters/},
	urldate = {2019-08-08},
	author = {Seemann, Mark},
	month = mar,
	year = {2016}
}

@book{lilienthal_langlebige_2017,
	title = {Langlebige {Software}-{Architekturen}: {Technische} {Schulden} analysieren, begrenzen und abbauen},
	publisher = {dpunkt. verlag},
	author = {Lilienthal, Carola},
	year = {2017}
}

@inproceedings{luyten_developing_2004,
	title = {Developing user interfaces with {XML}: advances on user interface description languages},
	url = {https://dial.uclouvain.be/downloader/downloader.php?pid=boreal:168618&datastream=PDF_01},
	urldate = {2019-08-08},
	booktitle = {Sattelite workshop of {Advanced} {Visual} {Interfaces} 2004},
	author = {Luyten, Kris and Abrams, Marc and Vanderdonckt, Jean and Limbourg, Quentin},
	year = {2004}
}

@inproceedings{zibran_useful_2011,
	title = {Useful, {But} {Usable}? {Factors} {Affecting} the {Usability} of {APIs}},
	doi = {10.1109/WCRE.2011.26},
	booktitle = {2011 18th {Working} {Conference} on {Reverse} {Engineering}},
	publisher = {IEEE},
	author = {Zibran, Minhaz F and Eishita, Farjana Z and Roy, Chanchal K},
	year = {2011},
	pages = {151--155}
}

@inproceedings{ray_large_2014,
	title = {A large scale study of programming languages and code quality in github},
	doi = {10.1145/2635868.2635922},
	booktitle = {Proceedings of the 22nd {ACM} {SIGSOFT} {International} {Symposium} on {Foundations} of {Software} {Engineering}},
	publisher = {ACM},
	author = {Ray, Baishakhi and Posnett, Daryl and Filkov, Vladimir and Devanbu, Premkumar},
	year = {2014},
	pages = {155--165}
}

@book{beck_test_2003,
	title = {Test {Driven} {Development}: {By} {Example}},
	publisher = {Addison-Wesley Professional},
	author = {Beck, Kent},
	year = {2003}
}

@misc{microsoft_xaml_2018,
	title = {{XAML} {Compilation} in {Xamarin}.{Forms}},
	url = {https://docs.microsoft.com/de-de/xamarin/xamarin-forms/xaml/xamlc},
	urldate = {2019-08-08},
	author = {{Microsoft}},
	month = aug,
	year = {2018}
}

@book{liu_f_2013,
	title = {F\# for {C}\# {Developers}},
	publisher = {Microsoft Press},
	author = {Liu, Tao},
	year = {2013}
}

@book{odersky_programming_2008,
	title = {Programming in {Scala}},
	volume = {First Edition, Version 6},
	publisher = {Artima Press},
	author = {Odersky, Martin and Spoon, Lex and Venners, Bill},
	year = {2008}
}

@inproceedings{nanz_comparative_2015,
	title = {A comparative study of programming languages in rosetta code},
	volume = {1},
	doi = {10.1109/ICSE.2015.90},
	booktitle = {2015 {IEEE}/{ACM} 37th {IEEE} {International} {Conference} on {Software} {Engineering}},
	publisher = {IEEE},
	author = {Nanz, Sebastian and Furia, Carlo A},
	year = {2015},
	pages = {778--788}
}

@misc{smith_gone_2014,
	title = {Gone {Mobile} 28: {Behind} the {Scenes} of {Xamarin}.{Forms} with {Jason} {Smith}/{Interviewers}: {Greg} {Shackles}, {Jonathan} {Dick}},
	url = {https://player.fm/series/gone-mobile-podcast-52734/gone-mobile-28-behind-the-scenes-of-xamarinforms-with-jason-smith},
	urldate = {2019-08-08},
	author = {Smith, Jason},
	year = {2014}
}

@misc{jackson_software_2006,
	title = {software abstractions},
	url = {http://sdm.mit.edu/conf06/Presentations/jackson_sdm06.pdf},
	urldate = {2019-08-08},
	author = {Jackson, Daniel},
	year = {2006}
}

@article{mccarthy_recursive_1959,
	title = {Recursive functions of symbolic expressions and their computation by machine},
	doi = {10.1145/367177.367199},
	author = {McCarthy, John},
	year = {1959}
}

@inproceedings{turner_history_2012,
	title = {Some history of functional programming languages},
	doi = {10.1007/978-3-642-40447-4_1},
	booktitle = {International {Symposium} on {Trends} in {Functional} {Programming}},
	publisher = {Springer},
	author = {Turner, David A},
	year = {2012},
	pages = {1--20}
}

@article{church_properties_1936,
	title = {Some properties of conversion},
	volume = {39},
	doi = {10.2307/2268572},
	number = {3},
	journal = {Transactions of the American Mathematical Society},
	author = {Church, Alonzo and Rosser, J Barkley},
	year = {1936},
	pages = {472--482}
}

@book{church_calculi_1941,
	title = {{THE} {CALCULI} {OF} {LAMBDA}-{CONVERSION}},
	publisher = {Princeton University Press},
	author = {Church, Alonzo},
	year = {1941}
}

@misc{han_how_2015,
	title = {On {How} {Jet} {Chose} {F}\#},
	url = {https://medium.com/mftech/on-how-jet-chose-f-df6fc2eb0588},
	urldate = {2019-08-08},
	author = {Han, Marie-France},
	year = {2015}
}

@book{wampler_functional_2011,
	title = {Functional {Programming} for {Java} {Developers}: {Tools} for {Better} {Concurrency}, {Abstraction}, and {Agility}},
	publisher = {O'Reilly Media},
	author = {Wampler, Dean},
	year = {2011}
}

@inproceedings{petersen_experience_2013,
	title = {Experience report: functional programming of {mHealth} applications},
	volume = {48},
	doi = {10.1145/2544174.2500615},
	booktitle = {{ACM} {SIGPLAN} {Notices}},
	publisher = {ACM},
	author = {Petersen, Christian L and Gorges, Matthias and Dunsmuir, Dustin and Ansermino, Mark and Dumont, Guy A},
	year = {2013},
	pages = {357--362}
}

@inproceedings{deissenboeck_software_2009,
	title = {Software quality models: {Purposes}, usage scenarios and requirements},
	doi = {10.1109/WOSQ.2009.5071551},
	booktitle = {2009 {ICSE} {Workshop} on {Software} {Quality}},
	publisher = {IEEE},
	author = {Deissenboeck, Florian and Juergens, Elmar and Lochmann, Klaus and Wagner, Stefan},
	year = {2009},
	pages = {9--14}
}

@inproceedings{boehm_quantitative_1976,
	title = {Quantitative evaluation of software quality},
	doi = {10.1109/WAINA.2009.190},
	booktitle = {Proceedings of the 2nd international conference on {Software} engineering},
	publisher = {IEEE Computer Society Press},
	author = {Boehm, Barry W and Brown, John R and Lipow, Mlity},
	year = {1976},
	pages = {592--605}
}

@techreport{mccall_factors_1977,
	title = {Factors in software quality. volume i. concepts and definitions of software quality},
	url = {https://apps.dtic.mil/dtic/tr/fulltext/u2/a049014.pdf},
	urldate = {2019-08-08},
	institution = {GENERAL ELECTRIC CO SUNNYVALE CA},
	author = {McCall, Jim A and Richards, Paul K and Walters, Gene F},
	year = {1977}
}

@article{grady_successfully_1994,
	title = {Successfully applying software metrics},
	volume = {27},
	doi = {10.1109/2.312034},
	number = {9},
	journal = {Computer},
	author = {Grady, Robert B.},
	year = {1994},
	pages = {18--25}
}

@misc{international_organization_for_standardization_iso/iec_2011,
	title = {{ISO}/{IEC} 25010:2011},
	url = {https://www.iso.org/standard/35733.html},
	urldate = {2019-08-08},
	author = {{International Organization for Standardization}},
	year = {2011}
}

@inproceedings{chua_applying_2004,
	title = {Applying the {ISO} 9126 model to the evaluation of an e-learning system},
	doi = {10.1515/itc-2015-0008},
	booktitle = {Proc. of {ASCILITE}},
	author = {Chua, Bee Bee and Dyson, Laurel Evelyn},
	year = {2004},
	pages = {5--8}
}

@article{green_cognitive_1989,
	title = {Cognitive dimensions of notations},
	url = {https://pdfs.semanticscholar.org/4ca2/4a6a487c3fa92d60a17b760cc3515708896a.pdf},
	urldate = {2019-08-08},
	journal = {People and Computers V},
	author = {Green, Thomas RG},
	year = {1989},
	pages = {443--460}
}

@inproceedings{hadhrawi_systematic_2017,
	title = {A {Systematic} {Literature} {Review} of {Cognitive} {Dimensions}.},
	url = {http://www.ppig.org/sites/ppig.org/files/2017-PPIG-28th-hadhrawi.pdf},
	urldate = {2019-08-08},
	booktitle = {{PPIG}},
	author = {Hadhrawi, Mohammad and Blackwell, Alan F and Church, Luke},
	year = {2017},
	pages = {3}
}

@article{blackwell_notational_2003,
	title = {Notational {Systems}—{The} {Cognitive} {Dimensions} of {Notations} {Framework}},
	doi = {10.1016/B978-155860808-5/50005-8},
	author = {Blackwell, Alan and Green, Thomas},
	year = {2003}
}

@inproceedings{sadowski_heuristic_2011,
	title = {Heuristic evaluation of programming language features: two parallel programming case studies},
	doi = {10.1145/2089155.2089160},
	booktitle = {Proceedings of the 3rd {ACM} {SIGPLAN} workshop on {Evaluation} and usability of programming languages and tools},
	publisher = {ACM},
	author = {Sadowski, Caitlin and Kurniawan, Sri},
	year = {2011},
	pages = {9--14}
}

@inproceedings{clarke_using_2003,
	title = {Using the cognitive dimensions framework to evaluate the usability of a class library},
	url = {https://pdfs.semanticscholar.org/1193/4bc6a4cb76700c38d86c7106b09fe2147d3d.pdf},
	urldate = {2019-08-08},
	booktitle = {Proceedings of the {First} {Joint} {Conference} of {EASE} {PPIG} ({PPIG} 15)},
	author = {Clarke, Steven and Becker, Curtis},
	year = {2003}
}

@article{kiss_comparison_2014,
	title = {Comparison of {Object}-{Oriented} and {Functional} {Programming} for {GUI} {Development}},
	url = {https://github.com/eugenkiss/7guis/raw/master/thesis.pdf},
	urldate = {2019-08-08},
	author = {Kiss, Eugen},
	year = {2014}
}

@misc{meijer_erik_2008,
	title = {Erik {Meijer}: {Functional} {Programming}},
	url = {https://channel9.msdn.com/Shows/Going+Deep/Erik-Meijer-Functional-Programming},
	urldate = {2019-08-08},
	author = {Meijer, Erik},
	year = {2008}
}

@misc{seemann_functional_2018,
	title = {Functional architecture: a definition},
	url = {https://blog.ploeh.dk/2018/11/19/functional-architecture-a-definition/},
	urldate = {2019-08-08},
	author = {Seemann, Mark},
	year = {2018}
}

@inproceedings{lynn_preliminary_2017,
	title = {A preliminary review of enterprise serverless cloud computing (function-as-a-service) platforms},
	doi = {10.1109/CloudCom.2017.15},
	booktitle = {2017 {IEEE} {International} {Conference} on {Cloud} {Computing} {Technology} and {Science} ({CloudCom})},
	publisher = {IEEE},
	author = {Lynn, Theo and Rosati, Pierangelo and Lejeune, Arnaud and Emeakaroha, Vincent},
	year = {2017},
	pages = {162--169}
}

@article{leitner_mixed-method_2019,
	title = {A mixed-method empirical study of {Function}-as-a-{Service} software development in industrial practice},
	volume = {149},
	doi = {10.7287/peerj.preprints.27005v1},
	journal = {Journal of Systems and Software},
	author = {Leitner, Philipp and Wittern, Erik and Spillner, Josef and Hummer, Waldemar},
	year = {2019},
	pages = {340--359}
}

@misc{atwood_best_2007,
	title = {The {Best} {Code} is {No} {Code} {At} {All}},
	url = {https://blog.codinghorror.com/the-best-code-is-no-code-at-all/},
	urldate = {2019-08-08},
	author = {Atwood, Jeff},
	year = {2007}
}

@article{green_usability_1996,
	title = {Usability {Analysis} of {Visual} {Programming} {Environments}: {A} ‘{Cognitive} {Dimensions}’ {Framework}},
	volume = {7},
	doi = {10.1006/jvlc.1996.0009},
	number = {2},
	journal = {Journal of Visual Languages \& Computing},
	author = {Green, Thomas R. G. and Petre, Marian},
	year = {1996},
	pages = {131--174}
}